3400 5467
807 561 1011 709 -'v1-
1165 616 1169 624 ·

185 763 189 770 ·
315 745 322 782 s

206 825 208 832 '
380 818 476 894 tum
505 802 553 892 in
575 804 617 892 id
636 803 862 914 propensos
878 800 1086 916 fuisse,ut
1103 830 1238 894 novas
1267 807 1438 894 multas·
1463 857 1469 868 ·

327 953 329 962 ’
380 946 464 1030 que
480 919 682 1026 effingant
699 919 873 1030 species,
888 921 960 1006 ubi
993 925 1065 1006 vel
1094 924 1275 1007 minima
1290 923 1440 1009 harum

375 1033 620 1132 differentia
671 1049 742 1119 aut
772 1037 952 1120 varietas
985 1035 1072 1124 sese
1101 1035 1243 1120 offert.
1298 1044 1440 1146 ltaque

381 1173 519 1258 opera
555 1146 738 1257 pretium
767 1144 949 1251 judicavi
987 1149 1167 1237 studium
1206 1153 1442 1257 qualecum-

381 1288 464 1372 que
490 1286 634 1350 meum
670 1261 716 1346 in
745 1260 788 1346 id
822 1262 1089 1377 impendere,
1117 1281 1162 1351 ut
1192 1289 1354 1371 aequam
1378 1290 1442 1350 re·

369 1378 708 1490 formationem,
743 1387 892 1461 natura
916 1377 1000 1486 ipsa
1027 1373 1224 1488 justisque
1255 1403 1303 1462 ac
1330 1380 1443 1465 solli·

377 1494 467 1575 cite
497 1491 694 1578 institutis
719 1488 1083 1580 observationibus
1113 1494 1443 1602 innixam,quo·

380 1609 434 1694 ad
470 1603 559 1712 ejus
587 1602 679 1692 sieri
696 1597 844 1716 possit,
868 1605 950 1691 hoc
967 1606 1179 1718 suscipiam
1199 1607 1439 1716 specimine.

494 1829 566 1922 Ob
598 1833 791 1920 eamdem
823 1833 933 1918 hanc
954 1831 1136 1918 caussam
1168 1823 1470 1918 necessarium'

372 1947 563 2148 ffinino
604 1945 704 2057 suit,
729 1945 974 2054 cuicumque
1002 1962 1125 2061 antea
1159 1948 1336 2051 cognita
1355 1944 1442 2057 spe·
1555 1953 1557 1958 ’

488 2061 664 2148 nomina
698 2057 751 2148 ab
781 2059 1028 2146 Austoribus
1068 2063 1107 2142 ei
1146 2057 1357 2170 imposita,
1394 2075 1444 2144 ut

347 2193 349 2198 ·
380 2176 638 2289 synonyma,
668 2171 840 2284 addere,
870 2175 1005 2267 immo
1035 2174 1162 2260 etiam
1191 2194 1341 2271 omnes
1370 2175 1445 2260 ad-

269 2325 276 2336 ·
381 2285 558 2394 jungere
586 2287 651 2373 ab'
669 2289 729 2373 eis
758 2289 998 2376 nominatas
1028 2291 1072 2373 ἃ
1096 2285 1209 2398 quasi
1231 2286 1444 2375 distinsias

382 2403 537 2510 species
564 2418 771 2510 receptas,
801 2404 899 2487 licet
933 2403 999 2486 hae
1037 2406 1170 2488 veluti
1218 2404 1444 2489 varietates

381 2516 681 2604 tantummodo
708 2516 910 2612 habenda
937 2511 1031 2601 fint.
1090 2518 1199 2602 Hinc
1238 2515 1445 2620 nimirum

382 2629 642 2738 perturbatio
670 2628 897 2737 specierum
924 2632 969 2716 de
998 2631 1283 2740 varietatum,
1307 2629 1362 2714 ab
1377 2653 1445 2712 ac-

378 2761 526 2830 curata
549 2743 690 2830 minus
719 2742 990 2849 indagatione
1020 2745 1224 2855 profesta,
1251 2743 1444 2830 cohibea·

382 2872 472 2974 tur,
501 2861 546 2944 ἃ
573 2859 620 2942 in
648 2857 864 2966 posterum
891 2861 1109 2949 evanescat
1134 2874 1313 2966 oportet.

492 3079 691 3190 Optimae
710 3083 754 3168 ἃ
781 3078 869 3166 sere
886 3078 1092 3193 fingusas‚
1106 3108 1209 3191 quas
1223 3081 1444 3192 habemus,

380 3193 618 3284 Lichenum
645 3196 787 3282 icones
817 3196 964 3284 sedulo.
981 3199 1205 3307 adnotavi,
1243 3197 1443 3304 praecipu-

378 3333 428 3394 as
456 3333 604 3396 eorum
628 3313 930 3399 varietates&
965 3312 1237 3398 habitationis
1271 3313 1365 3395 loca
1395 3303 1442 3394 fi-

379 3424 473 3512 mul
508 3445 734 3531 exponens.
801 3424 1219 3536 Observatiunculas,
1255 3424 1442 3510 brevita-

383 3536 439 3620 tis
470 3534 698 3648 studiosus,
727 3556 931 3646 quantum
961 3535 1053 3653 fieti
1084 3541 1242 3649 potuit,
1272 3540 1442 3644 quibus-

381 3648 482 3734 dam
518 3649 656 3738 addidi
694 3649 913 3758 speciebus.
970 3657 1154 3740 Nomina
1195 3655 1324 3738 etiam
1357 3651 1442 3735 sve·

382 3786 511 3872 cana,
539 3763 637 3848 licet
673 3759 826 3872 passim
861 3791 887 3852 a
923 3772 992 3856 me
1027 3764 1122 3856 fida
1166 3765 1277 3854 haud
1304 3767 1443 3851 exclu-

382 3875 521 3966 denda
544 3879 705 3986 putavi.

430 4218 439 4236 .
496 4105 643 4234 Quom
674 4113 874 4212 praterea
908 4093 953 4192 in
981 4127 1142 4237 genere·
1162 4106 1271 4238 adeo
1307 4100 1450 4232 inulti·
1553 4074 1554 4077 Ὺ

384 4215 483 4328 plici
526 4237 668 4306 minus
711 4217 1263 4366 adsvefatto,·o1tficnem
1294 4239 1447 4416 ¹³er
1551 4362 1553 4413 ψ
