3400 5467
774 613 974 697 ...ιν-

347 818 406 876 ιιο
433 789 675 877 substrutlas
719 776 1102 899 experimentorum
1144 796 1399 905 observatio·

348 929 532 1012 numque
565 907 864 1013 fundamento,
893 914 1075 1014 ingenue
1104 912 1400 993 venerabor&

335 1021 549 1104 vvambabus
566 1022 789 1128 ampledar
810 1025 1012 1109 manibuS.
1072 1031 1208 1108 lmmo
1234 1027 1403 1106 easdem

350 1138 397 1220 in
426 1159 542 1218 meos
578 1137 840 1243 aliorumque
877 1138 968 1222 osus
1001 1153 1163 1222 vertere
1202 1139 1311 1220 haud
1345 1141 1407 1218 in-

353 1251 538 1356 glorium
568 1250 740 1350 ducann
771 1253 924 1362 quippe
951 1251 1035 1356 dies
1073 1252 1184 1335 diem
1217 1254 1379 1335 doceto,

342 1555 343 1564 t
469 1477 649 1562 Scientia
703 1483 868 1562 Naturae
923 1485 1181 1564 incremento
1237 1492 1412 1582 augetur

356 1609 588 1700 perpetuo,
635 1594 908 1698 &temporis
944 1590 1156 1700 progressu
1180 1590 1412 1693 majuscer-
1550 1624 1551 1635 ι

357 1722 400 1789 te
451 1707 496 1789 &
546 1705 647 1811 sape
698 1705 948 1811 insperatum
1016 1707 1205 1790 oboritur
1253 1711 1411 1789 lumen.

358 1822 510 1904 Procul
545 1821 672 1904 dubio
711 1821 819 1903 intra
854 1818 958 1903 fines
994 1819 1153 1904 Sueciae
1196 1823 1413 1947 permultae
1551 1816 1552 1819 ‘

359 1959 483 2018 novae
523 1937 566 2018 de
615 1937 763 2016 hucu
741 1959 867 2041 usque
911 1960 1076 2018 nona
1039 1933 1076 2017 sa
1081 1934 1138 2017 tis
1169 1934 1414 2016 examinatae

314 2054 317 2062 ’
359 2050 594 2131 Lichenum
645 2048 747 2152 spec
753 2075 792 2130 es
844 2050 1141 2150 inueniuntur,
1190 2046 1415 2174 prasertim

362 2163 573 2266 quoniam
597 2164 713 2265 plura
741 2166 869 2291 longe
899 2155 1035 2260 disllta
1065 2165 1107 2244 8<
1138 2163 1324 2244 nondum
1354 2159 1415 2243 vi-

362 2271 479 2358 sstata
508 2281 601 2358 loca
632 2276 805 2385 restant,
848 2279 891 2358 in
927 2280 1004 2359 hac
1042 2272 1162 2359 suo
1149 2299 1237 2377 Jure
1267 2299 1416 2377 praea·

362 2389 429 2472 liis
460 2389 716 2472 nominanda
744 2341 978 2474 Li⁷chenum
1010 2390 1153 2495 patria.
1212 2387 1415 2493 Repetitis
1553 2440 1554 2451 ι

365 2501 747 2606 observationibus,
794 2531 817 2586 a
850 2505 1000 2587 nostris
1022 2503 1175 2608 pariter
1203 2521 1327 2608 atque
1350 2523 1417 2581 ex·-

366 2617 465 2700 teris
496 2621 667 2699 Naturae·
692 2614 876 2702 studiofis
915 2614 1086 2723 sollicite
1127 2616 1343 2724 institutis,
1377 2639 1419 2696 c·
1554 2634 1557 2714 s

296 2776 319 2798 ν
365 2731 512 2858 veniet
553 2729 760 2839 pr'ofttlo²
787 2748 832 2814 ut
864 2735 998 2834 major
1027 2731 1072 2811 in
1088 2730 1175 2814 dics
1191 2729 1419 2835 specierum

366 2845 450 2926 hoo
500 2839 545 2924 ‘m
602 2847 833 2927 Prodromo
900 2849 1118 2928 allatarum
1181 2846 1421 2971 adquiratur

367 2957 573 3059 cognitio.
632 2959 973 3085 Plures„quoque
1011 2959 1118 3062 apud
1166 2959 1303 3038 varios
1338 2959 1422 3038 Au-

368 3070 499 3154 diores
515 3072 623 3154 forte
639 3071 868 3158 obvenient
883 3073 1056 3178 species,
1073 3097 1096 3154 a
1119 3093 1185 3150 me
1209 3072 1304 3154 ideo
1322 3080 1422 3173 prae-

368 3185 499 3267 teritae
508 3191 661 3292 ,quod
693 3205 879 3271 accurate
909 3187 1046 3270 minus
1083 3179 1290 3289 descriptae
1312 3183 1422 3265 haud

359 3300 415 3380 'in
444 3299 610 3382 censum
637 3301 785 3383 deferri
818 3317 1001 3408 potuere.
1061 3295 1256 3380 Fortassis
1295 3296 1424 3377 etiam

371 3414 519 3516 aliquae
546 3414 798 3498 videbuntur
828 3415 899 3499 suo
932 3417 1027 3494 loco
1055 3411 1162 3492 haud
1193 3411 1271 3494 rite
1288 3411 1425 3542 dispo-

371 3521 475 3632 litae‚
504 3529 594 3610 aliae
631 3550 770 3613 autem
806 3551 855 3611 ea
900 3544 1068 3632 propter
1099 3526 1286 3648 penitus
1282 3525 1426 3606 inter·

247 3645 253 3662 ’
371 3589 502 3722 misl’ae
510 3645 656 3748 ,quod
696 3643 1000 3726 nonnullorum
1037 3631 1158 3737 hujus
1190 3636 1427 3741 argumenti

373 3753 522 3856 scripta
553 3757 745 3839 mihimet
774 3757 884 3838 haud
914 3755 1146 3835 innotuere
1205 3761 1346 3856 ltaque
1361 3776 1429 3831 co

315 3957 318 3964 ,
374 3868 507 3949 nabor
537 3871 768 3952 accuratius
798 3868 1064 3971 colligere&
1094 3865 1201 3947 hisce
1226 3866 1330 3948 meis
1351 3863 1429 3946 stu·

376 3981 472 4068 diis
483 3981 661 4089 amplius
691 3985 840 4066 addere
870 3981 1069 4088 quidquid
1105 3982 1156 4064 ad
1187 3978 1430 4062 ulteriorem

376 4093 715 4206 illustrationem,
720 4095 1100 4181 emendationem
1137 4093 1179 4174 δι
1216 4088 1432 4196 perfeetio-
1509 4103 1513 4112 ·

378 4231 476 4293 nem
527 4214 756 4296 conducere
812 4226 949 4318 queat.
1030 4207 1163 4291 isthoc
1208 4205 1431 4311 nimirum,

1328 4335 1435 4401 tam·
1552 4386 1557 4402 ι
