3400 5467
391 811 447 832 ”
540 755 1036 948 uaooaururu.

314 1768 634 1991 &puseolum
652 1884 836 1990 pluribus
855 1860 1038 1970 numeris
1059 1883 1314 1990 absolutum,
1428 1916 1438 1924 r

260 2002 467 2084 Lichenes
497 1999 772 2104 complectens
802 1999 996 2106 suecanos
1025 1998 1317 2105 hucusquedc·

261 2113 415 2216 tenos,
455 2115 571 2220 prelo
609 2109 804 2213 subjicere
850 2115 895 2196 in
930 2115 1120 2203 animum
1158 2111 1317 2192 induxi.

153 2273 155 2278 ·
260 2230 417 2312 Verum
454 2227 571 2308 enirn
608 2249 708 2336 vero
743 2243 857 2310 tanta
885 2250 984 2310 cum
1010 2222 1058 2308 fit
1094 2226 1319 2331 specierum

262 2345 402 2448 copia,
435 2365 534 2445 quas
579 2341 687 2421 inter
737 2345 873 2446 plures
919 2365 1062 2448 nova,
1104 2343 1239 2422 immo
1274 2339 1318 2420 8c

221 2457 226 2468 ’
261 2461 404 2540 multra
434 2446 571 2537 minus¹
607 2453 715 2535 reric
744 2472 866 2536 antea
895 2457 1077 2556 cugnitae
1102 2477 1201 2536 mea
1219 2476 1317 2534 cura

153 2565 159 2680 J
262 2566 487 2677 delineari,
517 2567 669 2672 aerique
698 2567 826 2648 incidi
855 2593 901 2649 ac
926 2570 1044 2672 pingi
1069 2566 1317 2672 debuissent,
1370 2560 1374 2569 ‘

263 2681 604 2786 descriptionibus
633 2687 682 2762 ac'
708 2681 1068 2764 observationibus
1092 2681 1319 2785 unicuique
1421 2747 1424 2753 ,

263 2821 406 2879 carum
437 2811 621 2878 accurate
652 2791 895 2895 subjunoin
915 2795 982 2876 hic
1009 2811 1122 2876 certe
1148 2805 1320 2877 ‘conatus

154 2913 155 2960 ⁷
264 2909 304 2992 in
342 2913 526 2996 multum
565 2910 765 3012 temporis
805 2910 1125 3017 produceretur,
1158 2906 1321 3014 pracser-

154 3067 155 3072 κ
264 3025 339 3109 tim
365 3047 504 3129 'quum
533 3025 668 3105 delata
694 3024 797 3104 mihi
828 3045 1001 3120 munera
1036 3026 1163 3125 longe
1194 3022 1320 3103 aliam

266 3137 491 3243 exposcunt
519 3158 689 3239 operam
716 3158 868 3238 meque
897 3127 1141 3218 idemtidem
1169 3134 1223 3215 ab
1260 3135 1321 3214 hi·

266 3250 324 3334 sce
350 3251 473 3344 ¹meis
523 3265 721 3352 revocent
771 3248 965 3345 deliciis3·
993 3250 1121 3330 malui
1170 3249 1321 3352 igitur,

267 3389 394 3471 quam
424 3359 584 3446 neuere
627 3387 783 3468 moras,
824 3379 1066 3466 antecapere
1095 3362 1207 3444 diem
1229 3385 1323 3466 pro·

267 3477 447 3582 indeque
484 3476 564 3557 huc
601 3477 870 3582 spicilegium
915 3499 1011 3558 mco
1047 3477 1324 3581 qualicunque
1405 3561 1418 3580 x

156 3675 157 3728 ἶ
269 3591 404 3676 studio
440 3590 754 3702 elucubratum,
789 3590 1010 3677 Prodromi
1046 3590 1194 3699 instar,
1221 3614 1323 3696 prac-

156 3739 157 3755 Ν
269 3727 452 3790 mittere.
732 3725 733 3728 ‘

386 3904 503 3986 Hanc
533 3927 634 3987 uero
660 3925 797 3988 meam
826 3925 998 4008 operam
1028 3899 1218 3986 Historiae
1253 3919 1325 3977 na·

157 3965 160 4088 ,
267 4017 416 4101 ruralis
446 4017 674 4100 cultoribus
703 4017 812 4100 haud
845 4013 1042 4101 inutilem‘
1075 4016 1165 4098 fore
1208 4028 1325 4118 puta·
1395 4096 1398 4102 ,

158 4153 159 4158 ‘
276 4129 337 4238 vi,
354 4130 507 4238 quippe
536 4132 619 4214 illis
648 4129 778 4236 probe
802 4145 952 4213 notum
968 4129 1047 4238 est,
1068 4147 1324 4235 quamquam

158 4317 160 4362 r
272 4242 382 4329 haud
412 4267 539 4349 pauca
565 4245 649 4328 hoc
677 4261 866 4349 tempore
894 4245 947 4329 dc
975 4243 1228 4336 Lich'enibus
1257 4262 1326 4321 eo·

158 4369 162 4394 ⁸
645 4399 650 4412 ·
1213 4375 1327 4438 rum·
