<?xml version="1.0" encoding="UTF-8"?>
<!DOCTYPE html PUBLIC "-//W3C//DTD XHTML 1.0 Transitional//EN"
    "http://www.w3.org/TR/xhtml1/DTD/xhtml1-transitional.dtd">
<html xmlns="http://www.w3.org/1999/xhtml" xml:lang="en" lang="en">
 <head>
  <title>
</title>
<meta http-equiv="Content-Type" content="text/html;charset=utf-8" />
  <meta name='ocr-system' content='tesseract 3.04.00' />
  <meta name='ocr-capabilities' content='ocr_page ocr_carea ocr_par ocr_line ocrx_word'/>
</head>
<body>
  <div class='ocr_page' id='page_1' title='image "./lichenographiae00achagoog_0019.png"; bbox 0 0 3400 5467; ppageno 0'>
   <div class='ocr_carea' id='block_1_1' title="bbox 701 579 1221 730">
    <p class='ocr_par' dir='ltr' id='par_1_1' title="bbox 701 579 1221 730">
     <span class='ocr_line' id='line_1_1' title="bbox 701 579 1221 730; baseline 0.01 -5"><span class='ocrx_word' id='word_1_1' title='bbox 701 633 919 725; x_wconf 60' lang='lat' dir='ltr'>-vu-</span> <span class='ocrx_word' id='word_1_2' title='bbox 1060 579 1067 594; x_wconf 45' lang='lat'>⁴</span> <span class='ocrx_word' id='word_1_3' title='bbox 1216 721 1221 730; x_wconf 85' lang='grc'><strong>.</strong></span> 
     </span>
    </p>
   </div>
   <div class='ocr_carea' id='block_1_2' title="bbox 146 813 1519 3075">
    <p class='ocr_par' dir='ltr' id='par_1_2' title="bbox 273 813 1459 1386">
     <span class='ocr_line' id='line_1_2' title="bbox 276 813 1333 936; baseline 0.004 -28"><span class='ocrx_word' id='word_1_4' title='bbox 276 819 389 932; x_wconf 75' lang='lat' dir='ltr'>foret</span> <span class='ocrx_word' id='word_1_5' title='bbox 409 833 519 936; x_wconf 79' lang='lat' dir='ltr'>eas,</span> <span class='ocrx_word' id='word_1_6' title='bbox 564 813 686 928; x_wconf 86' lang='lat' dir='ltr'>quas&#39;</span> <span class='ocrx_word' id='word_1_7' title='bbox 708 821 884 935; x_wconf 85' lang='lat' dir='ltr'>quaerit,</span> <span class='ocrx_word' id='word_1_8' title='bbox 926 822 1116 932; x_wconf 83' lang='lat' dir='ltr'>repetire</span> <span class='ocrx_word' id='word_1_9' title='bbox 1157 821 1333 934; x_wconf 78' lang='lat' dir='ltr'>species,</span> 
     </span>
     <span class='ocr_line' id='line_1_3' title="bbox 275 933 1333 1046; baseline -0.001 -24"><span class='ocrx_word' id='word_1_10' title='bbox 275 937 478 1024; x_wconf 90' lang='lat' dir='ltr'>nimirum</span> <span class='ocrx_word' id='word_1_11' title='bbox 523 934 743 1046; x_wconf 85' lang='lat' dir='ltr'>secundum</span> <span class='ocrx_word' id='word_1_12' title='bbox 791 933 1087 1026; x_wconf 73' lang='lat' dir='ltr'>subdivisiones</span> <span class='ocrx_word' id='word_1_13' title='bbox 1127 937 1333 1023; x_wconf 84' lang='lat' dir='ltr'>Methodo</span> 
     </span>
     <span class='ocr_line' id='line_1_4' title="bbox 274 1049 1459 1159; baseline 0.001 -21"><span class='ocrx_word' id='word_1_14' title='bbox 274 1050 505 1138; x_wconf 82' lang='lat' dir='ltr'>Linnaeana</span> <span class='ocrx_word' id='word_1_15' title='bbox 545 1066 752 1159; x_wconf 85' lang='lat' dir='ltr'>receptas,</span> <span class='ocrx_word' id='word_1_16' title='bbox 782 1052 892 1137; x_wconf 89' lang='lat' dir='ltr'>haud</span> <span class='ocrx_word' id='word_1_17' title='bbox 921 1051 996 1136; x_wconf 87' lang='lat' dir='ltr'>abs</span> <span class='ocrx_word' id='word_1_18' title='bbox 1028 1075 1077 1135; x_wconf 87' lang='lat' dir='ltr'>re</span> <span class='ocrx_word' id='word_1_19' title='bbox 1109 1051 1247 1138; x_wconf 83' lang='lat' dir='ltr'>visum</span> <span class='ocrx_word' id='word_1_20' title='bbox 1272 1049 1338 1136; x_wconf 85' lang='lat' dir='ltr'>est</span> <span class='ocrx_word' id='word_1_21' title='bbox 1394 1129 1406 1139; x_wconf 94' lang='lat'>.</span> <span class='ocrx_word' id='word_1_22' title='bbox 1456 1049 1459 1056; x_wconf 76' lang='grc'><strong>’</strong></span> 
     </span>
     <span class='ocr_line' id='line_1_5' title="bbox 275 1163 1334 1274; baseline -0.001 -26"><span class='ocrx_word' id='word_1_23' title='bbox 275 1165 396 1248; x_wconf 86' lang='lat' dir='ltr'>istam</span> <span class='ocrx_word' id='word_1_24' title='bbox 425 1185 640 1268; x_wconf 87' lang='lat' dir='ltr'>apponere·</span> <span class='ocrx_word' id='word_1_25' title='bbox 664 1165 928 1274; x_wconf 86' lang='lat' dir='ltr'>Dianomen,</span> <span class='ocrx_word' id='word_1_26' title='bbox 944 1163 1213 1271; x_wconf 85' lang='lat' dir='ltr'>quantumvis</span> <span class='ocrx_word' id='word_1_27' title='bbox 1242 1187 1334 1254; x_wconf 90' lang='lat' dir='ltr'>non</span> 
     </span>
     <span class='ocr_line' id='line_1_6' title="bbox 273 1275 1333 1386; baseline -0.001 -23"><span class='ocrx_word' id='word_1_28' title='bbox 273 1279 383 1363; x_wconf 88' lang='lat' dir='ltr'>nihii</span> <span class='ocrx_word' id='word_1_29' title='bbox 413 1290 736 1386; x_wconf 84' lang='lat' dir='ltr'>commutatam,</span> <span class='ocrx_word' id='word_1_30' title='bbox 770 1299 897 1383; x_wconf 87' lang='lat' dir='ltr'>quam</span> <span class='ocrx_word' id='word_1_31' title='bbox 912 1276 1001 1381; x_wconf 85' lang='lat' dir='ltr'>jam</span> <span class='ocrx_word' id='word_1_32' title='bbox 1016 1293 1140 1363; x_wconf 90' lang='lat' dir='ltr'>antea</span> <span class='ocrx_word' id='word_1_33' title='bbox 1159 1279 1206 1361; x_wconf 89' lang='lat' dir='ltr'>in</span> <span class='ocrx_word' id='word_1_34' title='bbox 1226 1275 1333 1362; x_wconf 82' lang='grc' dir='ltr'><strong>Νου.</strong></span> 
     </span>
    </p>

    <p class='ocr_par' dir='ltr' id='par_1_3' title="bbox 199 1390 1438 2413">
     <span class='ocr_line' id='line_1_7' title="bbox 199 1390 1332 1498; baseline -0.002 -23"><span class='ocrx_word' id='word_1_35' title='bbox 199 1481 208 1496; x_wconf 59' lang='lat'><strong>‚</strong></span> <span class='ocrx_word' id='word_1_36' title='bbox 272 1392 359 1475; x_wconf 76' lang='lat' dir='ltr'>Aa.</span> <span class='ocrx_word' id='word_1_37' title='bbox 392 1393 492 1498; x_wconf 81' lang='lat' dir='ltr'>Reg.</span> <span class='ocrx_word' id='word_1_38' title='bbox 524 1393 641 1476; x_wconf 84' lang='lat' dir='ltr'>Acud,</span> <span class='ocrx_word' id='word_1_39' title='bbox 671 1397 734 1475; x_wconf 88' lang='lat' dir='ltr'>Sc.</span> <span class='ocrx_word' id='word_1_40' title='bbox 763 1391 875 1476; x_wconf 72' lang='lat' dir='ltr'>&#39;Suco</span> <span class='ocrx_word' id='word_1_41' title='bbox 928 1393 970 1477; x_wconf 82' lang='lat' dir='ltr'>Y.</span> <span class='ocrx_word' id='word_1_42' title='bbox 1014 1390 1112 1476; x_wconf 85' lang='lat' dir='ltr'>XV.</span> <span class='ocrx_word' id='word_1_43' title='bbox 1146 1418 1193 1497; x_wconf 84' lang='lat' dir='ltr'>p.</span> <span class='ocrx_word' id='word_1_44' title='bbox 1235 1413 1332 1489; x_wconf 80' lang='lat'><em>244.</em></span> 
     </span>
     <span class='ocr_line' id='line_1_8' title="bbox 261 1503 1333 1617; baseline 0.001 -31"><span class='ocrx_word' id='word_1_45' title='bbox 261 1506 375 1617; x_wconf 81' lang='lat' dir='ltr'>seqq.</span> <span class='ocrx_word' id='word_1_46' title='bbox 405 1503 588 1588; x_wconf 85' lang='lat' dir='ltr'>exhibui.</span> <span class='ocrx_word' id='word_1_47' title='bbox 636 1505 679 1589; x_wconf 91' lang='lat' dir='ltr'>ld</span> <span class='ocrx_word' id='word_1_48' title='bbox 708 1521 811 1590; x_wconf 88' lang='lat' dir='ltr'>vero</span> <span class='ocrx_word' id='word_1_49' title='bbox 841 1528 897 1589; x_wconf 91' lang='lat' dir='ltr'>eo</span> <span class='ocrx_word' id='word_1_50' title='bbox 921 1506 1057 1610; x_wconf 77' lang='lat' dir='ltr'>magis</span> <span class='ocrx_word' id='word_1_51' title='bbox 1083 1505 1189 1587; x_wconf 87' lang='lat' dir='ltr'>mihi</span> <span class='ocrx_word' id='word_1_52' title='bbox 1224 1527 1333 1589; x_wconf 84' lang='lat' dir='ltr'>curae</span> 
     </span>
     <span class='ocr_line' id='line_1_9' title="bbox 274 1613 1334 1728; baseline 0.002 -26"><span class='ocrx_word' id='word_1_53' title='bbox 274 1619 376 1727; x_wconf 89' lang='lat' dir='ltr'>fuit,</span> <span class='ocrx_word' id='word_1_54' title='bbox 405 1635 489 1725; x_wconf 89' lang='lat' dir='ltr'>quo</span> <span class='ocrx_word' id='word_1_55' title='bbox 518 1617 690 1728; x_wconf 84' lang='lat' dir='ltr'>certius,</span> <span class='ocrx_word' id='word_1_56' title='bbox 720 1613 851 1704; x_wconf 86' lang='lat' dir='ltr'>finem</span> <span class='ocrx_word' id='word_1_57' title='bbox 869 1618 1062 1705; x_wconf 87' lang='lat' dir='ltr'>methodi</span> <span class='ocrx_word' id='word_1_58' title='bbox 1091 1613 1334 1728; x_wconf 79' lang='lat' dir='ltr'>artificialis,</span> 
     </span>
     <span class='ocr_line' id='line_1_10' title="bbox 273 1729 1333 1843; baseline 0.001 -29"><span class='ocrx_word' id='word_1_59' title='bbox 273 1733 463 1838; x_wconf 85' lang='lat' dir='ltr'>apprime</span> <span class='ocrx_word' id='word_1_60' title='bbox 494 1731 606 1816; x_wconf 91' lang='lat' dir='ltr'>utilis</span> <span class='ocrx_word' id='word_1_61' title='bbox 633 1757 681 1821; x_wconf 86' lang='lat' dir='ltr'>ac</span> <span class='ocrx_word' id='word_1_62' title='bbox 708 1730 964 1843; x_wconf 72' lang='lat' dir='ltr'>necessaria,-</span> <span class='ocrx_word' id='word_1_63' title='bbox 993 1732 1213 1818; x_wconf 83' lang='lat' dir='ltr'>secundum</span> <span class='ocrx_word' id='word_1_64' title='bbox 1240 1729 1333 1816; x_wconf 75' lang='lat' dir='ltr'>fun·</span> 
     </span>
     <span class='ocr_line' id='line_1_11' title="bbox 273 1842 1333 1957; baseline -0.004 -25"><span class='ocrx_word' id='word_1_65' title='bbox 273 1847 471 1932; x_wconf 86' lang='lat' dir='ltr'>damenta</span> <span class='ocrx_word' id='word_1_66' title='bbox 520 1846 612 1932; x_wconf 90' lang='lat' dir='ltr'>heic</span> <span class='ocrx_word' id='word_1_67' title='bbox 647 1847 728 1930; x_wconf 90' lang='lat' dir='ltr'>rite</span> <span class='ocrx_word' id='word_1_68' title='bbox 765 1845 1040 1957; x_wconf 83' lang='lat' dir='ltr'>observanda,</span> <span class='ocrx_word' id='word_1_69' title='bbox 1069 1868 1139 1931; x_wconf 92' lang='lat' dir='ltr'>me</span> <span class='ocrx_word' id='word_1_70' title='bbox 1168 1842 1333 1930; x_wconf 84' lang='lat' dir='ltr'>adsecu-</span> 
     </span>
     <span class='ocr_line' id='line_1_12' title="bbox 274 1957 1335 2048; baseline -0.003 -4"><span class='ocrx_word' id='word_1_71' title='bbox 274 1977 367 2048; x_wconf 91' lang='lat' dir='ltr'>tum</span> <span class='ocrx_word' id='word_1_72' title='bbox 399 1957 480 2043; x_wconf 87' lang='lat' dir='ltr'>esse</span> <span class='ocrx_word' id='word_1_73' title='bbox 505 1959 766 2048; x_wconf 82' lang='lat' dir='ltr'>crediderim.</span> <span class='ocrx_word' id='word_1_74' title='bbox 831 1960 999 2046; x_wconf 88' lang='lat' dir='ltr'>Scilicet</span> <span class='ocrx_word' id='word_1_75' title='bbox 1027 1965 1194 2045; x_wconf 85' lang='lat' dir='ltr'>Natutae</span> <span class='ocrx_word' id='word_1_76' title='bbox 1224 1957 1335 2045; x_wconf 70' lang='lat' dir='ltr'>indi</span> 
     </span>
     <span class='ocr_line' id='line_1_13' title="bbox 273 2071 1333 2180; baseline 0.001 -24"><span class='ocrx_word' id='word_1_77' title='bbox 273 2073 342 2158; x_wconf 84' lang='lat' dir='ltr'>cia</span> <span class='ocrx_word' id='word_1_78' title='bbox 370 2073 690 2179; x_wconf 87' lang='lat' dir='ltr'>Lichenumque</span> <span class='ocrx_word' id='word_1_79' title='bbox 720 2073 912 2160; x_wconf 87' lang='lat' dir='ltr'>habitum</span> <span class='ocrx_word' id='word_1_80' title='bbox 940 2087 1180 2174; x_wconf 84' lang='lat' dir='ltr'>externum,</span> <span class='ocrx_word' id='word_1_81' title='bbox 1213 2071 1333 2180; x_wconf 69' lang='lat' dir='ltr'>quip-</span> 
     </span>
     <span class='ocr_line' id='line_1_14' title="bbox 273 2184 1438 2304; baseline -0.001 -34"><span class='ocrx_word' id='word_1_82' title='bbox 273 2209 327 2296; x_wconf 89' lang='lat' dir='ltr'>pe</span> <span class='ocrx_word' id='word_1_83' title='bbox 345 2209 460 2302; x_wconf 22' lang='lat' dir='ltr'>xquo·</span> <span class='ocrx_word' id='word_1_84' title='bbox 479 2184 645 2272; x_wconf 77' lang='lat' dir='ltr'>facilior</span> <span class='ocrx_word' id='word_1_85' title='bbox 682 2185 948 2304; x_wconf 77' lang='lat' dir='ltr'>perquirendi</span> <span class='ocrx_word' id='word_1_86' title='bbox 992 2209 1120 2294; x_wconf 77' lang='lat' dir='ltr'>opera</span> <span class='ocrx_word' id='word_1_87' title='bbox 1166 2184 1332 2295; x_wconf 80' lang='lat' dir='ltr'>existit,</span> <span class='ocrx_word' id='word_1_88' title='bbox 1383 2233 1389 2240; x_wconf 64' lang='grc'><strong>«</strong></span> <span class='ocrx_word' id='word_1_89' title='bbox 1435 2200 1438 2204; x_wconf 85' lang='grc'><em>·</em></span> 
     </span>
     <span class='ocr_line' id='line_1_15' title="bbox 260 2294 1333 2413; baseline 0 -29"><span class='ocrx_word' id='word_1_90' title='bbox 260 2299 494 2386; x_wconf 67' lang='lat' dir='ltr'>⁴observare</span> <span class='ocrx_word' id='word_1_91' title='bbox 516 2302 560 2386; x_wconf 67' lang='grc' dir='ltr'>δέ</span> <span class='ocrx_word' id='word_1_92' title='bbox 587 2302 802 2408; x_wconf 84' lang='lat' dir='ltr'>consulere</span> <span class='ocrx_word' id='word_1_93' title='bbox 829 2302 1018 2413; x_wconf 89' lang='lat' dir='ltr'>omnino·</span> <span class='ocrx_word' id='word_1_94' title='bbox 1034 2294 1243 2386; x_wconf 85' lang='lat' dir='ltr'>neceffum</span> <span class='ocrx_word' id='word_1_95' title='bbox 1259 2295 1333 2384; x_wconf 83' lang='lat' dir='ltr'>est.</span> 
     </span>
    </p>

    <p class='ocr_par' dir='ltr' id='par_1_4' title="bbox 220 2415 1357 2639">
     <span class='ocr_line' id='line_1_16' title="bbox 220 2415 1357 2524; baseline 0.004 -31"><span class='ocrx_word' id='word_1_96' title='bbox 220 2485 231 2493; x_wconf 93' lang='lat'>..</span> <span class='ocrx_word' id='word_1_97' title='bbox 274 2418 462 2500; x_wconf 87' lang='lat' dir='ltr'>Tantum</span> <span class='ocrx_word' id='word_1_98' title='bbox 491 2439 597 2506; x_wconf 84' lang='lat' dir='ltr'>vero</span> <span class='ocrx_word' id='word_1_99' title='bbox 626 2415 760 2524; x_wconf 86' lang='lat' dir='ltr'>abest,</span> <span class='ocrx_word' id='word_1_100' title='bbox 790 2428 836 2500; x_wconf 94' lang='lat' dir='ltr'>ut</span> <span class='ocrx_word' id='word_1_101' title='bbox 865 2417 1045 2500; x_wconf 84' lang='lat' dir='ltr'>aliorum</span> <span class='ocrx_word' id='word_1_102' title='bbox 1073 2415 1155 2498; x_wconf 92' lang='lat' dir='ltr'>hoc</span> <span class='ocrx_word' id='word_1_103' title='bbox 1190 2415 1238 2498; x_wconf 91' lang='lat' dir='ltr'>in</span> <span class='ocrx_word' id='word_1_104' title='bbox 1262 2420 1357 2498; x_wconf 52' lang='lat' dir='ltr'>net</span> 
     </span>
     <span class='ocr_line' id='line_1_17' title="bbox 274 2527 1333 2639; baseline -0.001 -28"><span class='ocrx_word' id='word_1_105' title='bbox 274 2527 394 2633; x_wconf 79' lang='lat' dir='ltr'>gotio</span> <span class='ocrx_word' id='word_1_106' title='bbox 425 2530 655 2636; x_wconf 81' lang='lat' dir='ltr'>tentamina</span> <span class='ocrx_word' id='word_1_107' title='bbox 684 2527 908 2634; x_wconf 84' lang='lat' dir='ltr'>rejicienda</span> <span class='ocrx_word' id='word_1_108' title='bbox 938 2544 1105 2639; x_wconf 89' lang='lat' dir='ltr'>putem,</span> <span class='ocrx_word' id='word_1_109' title='bbox 1132 2538 1179 2612; x_wconf 90' lang='lat' dir='ltr'>ut</span> <span class='ocrx_word' id='word_1_110' title='bbox 1196 2527 1239 2611; x_wconf 90' lang='lat' dir='ltr'>id</span> <span class='ocrx_word' id='word_1_111' title='bbox 1256 2547 1333 2633; x_wconf 86' lang='lat' dir='ltr'>po·</span> 
     </span>
    </p>

    <p class='ocr_par' dir='ltr' id='par_1_5' title="bbox 146 2639 1519 3075">
     <span class='ocr_line' id='line_1_18' title="bbox 146 2639 1331 2753; baseline 0 -29"><span class='ocrx_word' id='word_1_112' title='bbox 146 2702 150 2741; x_wconf 90' lang='grc'><strong>,</strong></span> <span class='ocrx_word' id='word_1_113' title='bbox 274 2642 379 2749; x_wconf 89' lang='lat' dir='ltr'>tius,</span> <span class='ocrx_word' id='word_1_114' title='bbox 395 2639 510 2745; x_wconf 86' lang='lat' dir='ltr'>cujus</span> <span class='ocrx_word' id='word_1_115' title='bbox 531 2645 702 2730; x_wconf 91' lang='lat' dir='ltr'>demum</span> <span class='ocrx_word' id='word_1_116' title='bbox 718 2641 909 2732; x_wconf 73' lang='lat' dir='ltr'>Audieris</span> <span class='ocrx_word' id='word_1_117' title='bbox 935 2641 1006 2753; x_wconf 88' lang='lat' dir='ltr'>fit,</span> <span class='ocrx_word' id='word_1_118' title='bbox 1037 2644 1082 2726; x_wconf 92' lang='lat' dir='ltr'>in</span> <span class='ocrx_word' id='word_1_119' title='bbox 1102 2641 1219 2727; x_wconf 85' lang='lat' dir='ltr'>usum</span> <span class='ocrx_word' id='word_1_120' title='bbox 1234 2661 1331 2724; x_wconf 90' lang='lat' dir='ltr'>con·</span> 
     </span>
     <span class='ocr_line' id='line_1_19' title="bbox 275 2751 1463 2868; baseline -0.008 -26"><span class='ocrx_word' id='word_1_121' title='bbox 275 2763 442 2842; x_wconf 87' lang='lat' dir='ltr'>vertere</span> <span class='ocrx_word' id='word_1_122' title='bbox 480 2757 729 2868; x_wconf 87' lang='lat' dir='ltr'>studuerim,</span> <span class='ocrx_word' id='word_1_123' title='bbox 769 2758 880 2864; x_wconf 89' lang='lat' dir='ltr'>quod</span> <span class='ocrx_word' id='word_1_124' title='bbox 917 2757 1083 2842; x_wconf 89' lang='lat' dir='ltr'>intento</span> <span class='ocrx_word' id='word_1_125' title='bbox 1118 2751 1196 2841; x_wconf 88' lang='lat' dir='ltr'>fini</span> <span class='ocrx_word' id='word_1_126' title='bbox 1233 2777 1345 2864; x_wconf 21' lang='lat' dir='ltr'>con-¹</span> <span class='ocrx_word' id='word_1_127' title='bbox 1461 2826 1463 2832; x_wconf 13' lang='grc' dir='ltr'><em>Α</em></span> 
     </span>
     <span class='ocr_line' id='line_1_20' title="bbox 273 2864 1519 2980; baseline 0.004 -24"><span class='ocrx_word' id='word_1_128' title='bbox 273 2868 637 2960; x_wconf 88' lang='lat' dir='ltr'>venientisfimum</span> <span class='ocrx_word' id='word_1_129' title='bbox 675 2875 717 2960; x_wconf 73' lang='grc' dir='ltr'>ἃ</span> <span class='ocrx_word' id='word_1_130' title='bbox 754 2869 931 2957; x_wconf 83' lang='lat' dir='ltr'>scientiae</span> <span class='ocrx_word' id='word_1_131' title='bbox 974 2869 1160 2958; x_wconf 85' lang='lat' dir='ltr'>maxime</span> <span class='ocrx_word' id='word_1_132' title='bbox 1188 2864 1345 2980; x_wconf 59' lang='lat' dir='ltr'>profu·¹</span> <span class='ocrx_word' id='word_1_133' title='bbox 1511 2949 1519 2961; x_wconf 26' lang='grc' dir='ltr'><em>Ι</em></span> 
     </span>
     <span class='ocr_line' id='line_1_21' title="bbox 274 2986 1410 3075; baseline -0.002 -5"><span class='ocrx_word' id='word_1_134' title='bbox 274 2999 415 3070; x_wconf 88' lang='lat' dir='ltr'>turum</span> <span class='ocrx_word' id='word_1_135' title='bbox 446 2986 595 3075; x_wconf 84' lang='lat' dir='ltr'>censui.</span> <span class='ocrx_word' id='word_1_136' title='bbox 1406 2999 1410 3003; x_wconf 79' lang='grc'>’</span> 
     </span>
    </p>
   </div>
   <div class='ocr_carea' id='block_1_3' title="bbox 276 3205 1480 3980">
    <p class='ocr_par' dir='ltr' id='par_1_6' title="bbox 276 3205 1480 3979">
     <span class='ocr_line' id='line_1_22' title="bbox 369 3205 1333 3298; baseline -0.003 -4"><span class='ocrx_word' id='word_1_137' title='bbox 369 3210 453 3294; x_wconf 87' lang='lat' dir='ltr'>&#39;Ad</span> <span class='ocrx_word' id='word_1_138' title='bbox 494 3209 727 3294; x_wconf 87' lang='lat' dir='ltr'>Lichenum</span> <span class='ocrx_word' id='word_1_139' title='bbox 762 3211 899 3298; x_wconf 82' lang='lat' dir='ltr'>Tribus</span> <span class='ocrx_word' id='word_1_140' title='bbox 926 3210 1008 3294; x_wconf 87' lang='lat' dir='ltr'>hoc</span> <span class='ocrx_word' id='word_1_141' title='bbox 1037 3208 1082 3293; x_wconf 90' lang='lat' dir='ltr'>in</span> <span class='ocrx_word' id='word_1_142' title='bbox 1109 3205 1232 3296; x_wconf 85' lang='lat' dir='ltr'>censu</span> <span class='ocrx_word' id='word_1_143' title='bbox 1255 3228 1333 3293; x_wconf 87' lang='lat' dir='ltr'>no·</span> 
     </span>
     <span class='ocr_line' id='line_1_23' title="bbox 276 3318 1380 3433; baseline -0.003 -25"><span class='ocrx_word' id='word_1_144' title='bbox 276 3322 477 3431; x_wconf 77' lang='lat' dir='ltr'>mitraton,</span> <span class='ocrx_word' id='word_1_145' title='bbox 507 3323 618 3430; x_wconf 89' lang='lat' dir='ltr'>quod</span> <span class='ocrx_word' id='word_1_146' title='bbox 649 3325 827 3433; x_wconf 88' lang='lat' dir='ltr'>adtinet,</span> <span class='ocrx_word' id='word_1_147' title='bbox 845 3324 1009 3433; x_wconf 83' lang='lat' dir='ltr'>quivis,</span> <span class='ocrx_word' id='word_1_148' title='bbox 1041 3318 1071 3408; x_wconf 84' lang='lat' dir='ltr'><strong>fi</strong></span> <span class='ocrx_word' id='word_1_149' title='bbox 1100 3326 1255 3433; x_wconf 84' lang='lat' dir='ltr'>placet,</span> <span class='ocrx_word' id='word_1_150' title='bbox 1287 3322 1332 3405; x_wconf 86' lang='lat'>&amp;</span> <span class='ocrx_word' id='word_1_151' title='bbox 1373 3335 1380 3342; x_wconf 81' lang='grc'><strong>’</strong></span> 
     </span>
     <span class='ocr_line' id='line_1_24' title="bbox 277 3433 1331 3548; baseline -0.001 -29"><span class='ocrx_word' id='word_1_152' title='bbox 277 3434 461 3524; x_wconf 88' lang='lat' dir='ltr'>validior</span> <span class='ocrx_word' id='word_1_153' title='bbox 490 3437 620 3523; x_wconf 86' lang='lat' dir='ltr'>subest</span> <span class='ocrx_word' id='word_1_154' title='bbox 650 3439 780 3548; x_wconf 84' lang='lat' dir='ltr'>ratio,</span> <span class='ocrx_word' id='word_1_155' title='bbox 809 3439 988 3524; x_wconf 90' lang='lat' dir='ltr'>totidem</span> <span class='ocrx_word' id='word_1_156' title='bbox 1004 3433 1138 3542; x_wconf 84' lang='lat' dir='ltr'>fingat</span> <span class='ocrx_word' id='word_1_157' title='bbox 1163 3459 1331 3542; x_wconf 83' lang='lat' dir='ltr'>genera.</span> 
     </span>
     <span class='ocr_line' id='line_1_25' title="bbox 276 3547 1480 3660; baseline -0.002 -22"><span class='ocrx_word' id='word_1_158' title='bbox 276 3551 485 3638; x_wconf 80' lang='lat' dir='ltr'>Plurimae</span> <span class='ocrx_word' id='word_1_159' title='bbox 524 3567 667 3638; x_wconf 88' lang='lat' dir='ltr'>tamen</span> <span class='ocrx_word' id='word_1_160' title='bbox 713 3551 769 3638; x_wconf 85' lang='lat' dir='ltr'>ob.</span> <span class='ocrx_word' id='word_1_161' title='bbox 801 3552 980 3660; x_wconf 83' lang='lat' dir='ltr'>caussas,</span> <span class='ocrx_word' id='word_1_162' title='bbox 1024 3573 1176 3659; x_wconf 81' lang='lat' dir='ltr'>easque</span> <span class='ocrx_word' id='word_1_163' title='bbox 1219 3547 1334 3636; x_wconf 89' lang='lat' dir='ltr'>haud</span> <span class='ocrx_word' id='word_1_164' title='bbox 1476 3655 1480 3660; x_wconf 77' lang='lat'><em>.</em></span> 
     </span>
     <span class='ocr_line' id='line_1_26' title="bbox 279 3660 1334 3770; baseline 0.002 -24"><span class='ocrx_word' id='word_1_165' title='bbox 279 3664 527 3770; x_wconf 81' lang='lat' dir='ltr'>spernendas</span> <span class='ocrx_word' id='word_1_166' title='bbox 576 3669 637 3750; x_wconf 88' lang='lat'><em>111.</em></span> <span class='ocrx_word' id='word_1_167' title='bbox 685 3669 982 3753; x_wconf 80' lang='lat' dir='ltr'>LlNNAE&#39;US</span> <span class='ocrx_word' id='word_1_168' title='bbox 1018 3690 1108 3751; x_wconf 92' lang='lat' dir='ltr'>non</span> <span class='ocrx_word' id='word_1_169' title='bbox 1134 3660 1213 3750; x_wconf 87' lang='lat' dir='ltr'>nifi</span> <span class='ocrx_word' id='word_1_170' title='bbox 1239 3661 1334 3748; x_wconf 88' lang='lat' dir='ltr'>uni·</span> 
     </span>
     <span class='ocr_line' id='line_1_27' title="bbox 278 3777 1332 3979; baseline 0.002 -117"><span class='ocrx_word' id='word_1_171' title='bbox 278 3802 373 3864; x_wconf 88' lang='lat' dir='ltr'>cum</span> <span class='ocrx_word' id='word_1_172' title='bbox 404 3777 543 3864; x_wconf 84' lang='lat' dir='ltr'>statuit</span> <span class='ocrx_word' id='word_1_173' title='bbox 572 3783 713 3867; x_wconf 88' lang='lat' dir='ltr'>Genus</span> <span class='ocrx_word' id='word_1_174' title='bbox 742 3783 809 3894; x_wconf 81' lang='lat' dir='ltr'>a).</span> <span class='ocrx_word' id='word_1_175' title='bbox 868 3778 1332 3979; x_wconf 44' lang='lat' dir='ltr'>Recentiorisaeripgr-</span> 
     </span>
    </p>

    <p class='ocr_par' dir='ltr' id='par_1_7' title="bbox 520 3905 1332 3980">
     <span class='ocr_line' id='line_1_28' title="bbox 520 3905 1332 3980; baseline -0.007 2"><span class='ocrx_word' id='word_1_176' title='bbox 520 3927 522 3934; x_wconf 67' lang='grc'><em>’</em></span> <span class='ocrx_word' id='word_1_177' title='bbox 607 3905 620 3920; x_wconf 92' lang='grc'><strong>“</strong></span> <span class='ocrx_word' id='word_1_178' title='bbox 1223 3914 1273 3980; x_wconf 86' lang='lat' dir='ltr'>ce</span> <span class='ocrx_word' id='word_1_179' title='bbox 1290 3914 1332 3976; x_wconf 84' lang='lat' dir='ltr'>e-</span> 
     </span>
    </p>
   </div>
   <div class='ocr_carea' id='block_1_4' title="bbox 1048 4127 1326 4163">
    <p class='ocr_par' dir='ltr' id='par_1_8' title="bbox 1048 4127 1326 4163">
     <span class='ocr_line' id='line_1_29' title="bbox 1048 4127 1326 4163; baseline -0.014 -3"><span class='ocrx_word' id='word_1_180' title='bbox 1048 4127 1326 4163; x_wconf 51' lang='grc' dir='ltr'><strong><em>Μ</em></strong></span> 
     </span>
    </p>
   </div>
   <div class='ocr_carea' id='block_1_5' title="bbox 146 4199 1336 4459">
    <p class='ocr_par' dir='ltr' id='par_1_9' title="bbox 146 4199 1336 4459">
     <span class='ocr_line' id='line_1_30' title="bbox 273 4199 1335 4346; baseline -0.008 -17"><span class='ocrx_word' id='word_1_181' title='bbox 273 4249 326 4344; x_wconf 80' lang='lat' dir='ltr'>a)</span> <span class='ocrx_word' id='word_1_182' title='bbox 350 4253 526 4328; x_wconf 62' lang='lat' dir='ltr'>cantuar</span> <span class='ocrx_word' id='word_1_183' title='bbox 549 4253 652 4346; x_wconf 77' lang='lat' dir='ltr'>hujus</span> <span class='ocrx_word' id='word_1_184' title='bbox 675 4257 863 4334; x_wconf 77' lang='lat' dir='ltr'>Generis</span> <span class='ocrx_word' id='word_1_185' title='bbox 898 4261 934 4334; x_wconf 84' lang='lat' dir='ltr'>iu</span> <span class='ocrx_word' id='word_1_186' title='bbox 962 4199 1083 4334; x_wconf 73' lang='lat' dir='ltr'>Gener..</span> <span class='ocrx_word' id='word_1_187' title='bbox 1100 4253 1207 4337; x_wconf 59' lang='lat' dir='ltr'>iiim.</span> <span class='ocrx_word' id='word_1_188' title='bbox 1230 4243 1335 4322; x_wconf 71' lang='lat' dir='ltr'>LIN-</span> 
     </span>
     <span class='ocr_line' id='line_1_31' title="bbox 146 4345 1336 4459; baseline -0.006 -21"><span class='ocrx_word' id='word_1_189' title='bbox 146 4380 150 4454; x_wconf 72' lang='lat' dir='ltr'>t</span> <span class='ocrx_word' id='word_1_190' title='bbox 390 4351 491 4426; x_wconf 72' lang='lat' dir='ltr'>NAEI</span> <span class='ocrx_word' id='word_1_191' title='bbox 536 4359 622 4436; x_wconf 76' lang='lat' dir='ltr'>Edit·</span> <span class='ocrx_word' id='word_1_192' title='bbox 659 4359 793 4440; x_wconf 66' lang='lat' dir='ltr'>Sensi.</span> <span class='ocrx_word' id='word_1_193' title='bbox 831 4357 1193 4459; x_wconf 46' lang='lat' dir='ltr'>daturfoffefieudr,</span> <span class='ocrx_word' id='word_1_194' title='bbox 1216 4345 1336 4424; x_wconf 56' lang='lat' dir='ltr'>infin!</span> 
     </span>
    </p>
   </div>
   <div class='ocr_carea' id='block_1_6' title="bbox 0 0 1709 5467">
    <p class='ocr_par' dir='ltr' id='par_1_10' title="bbox 0 0 1709 5467">
     <span class='ocr_line' id='line_1_32' title="bbox 0 0 1709 5467; baseline 0 0"><span class='ocrx_word' id='word_1_195' title='bbox 0 0 1709 5467; x_wconf 95' lang='lat' dir='ltr'> </span> 
     </span>
    </p>
   </div>
  </div>
 </body>
</html>
