3400 5467
774 640 1070 742 -ιι-,

301 845 546 930 rumque
574 813 829 927 permultis
820 818 948 906 novis
979 761 1186 926 speciebus
1226 814 1427 926 descripta

306 961 311 968 ·
371 943 596 1044 habemus,
633 929 859 1028 desiderati
889 947 1048 1017 tamen
1070 930 1343 1017 necessariam
1373 934 1426 1016 de

286 1107 296 1142 -,
372 1055 435 1137 bis
465 997 788 1158 cretit'udinem,
817 1061 973 1154 utpote
994 1070 1086 1154 quae
1126 1046 1427 1131 observationi·
1553 1066 1554 1071 ‘

287 1213 293 1230 ·
375 1171 449 1252 bus
477 1162 616 1256 exadte
637 1161 861 1268 sapiusque
889 1161 1106 1269 institutis,
1127 1160 1302 1242 minime
1323 1181 1426 1243 vero

374 1281 436 1368 ab
456 1298 709 1382 unoquoque
737 1274 996 1361 individuo
986 1298 1033 1357 ιιι
1057 1273 1228 1382 muscis,
1243 1267 1348 1355 five
1344 1272 1426 1355 sub

313 1461 318 1470 .
373 1387 732 1598 ξιιιὶοιιιιιιιιιιιιιιι1
734 1389 799 1474 bis
830 1402 902 1477 aut
927 1388 1053 1474 semel
1082 1388 1190 1472 forte
1228 1385 1428 1542 invento,

433 1529 556 1590 nnen
585 1509 718 1610 potet
1083 1537 1088 1543 ·

484 1736 532 1817 ln
573 1731 656 1818 bac
698 1728 902 1816 nimirum
941 1729 1209 1834 indagatione
1243 1726 1427 1834 plurium

372 1866 580 1930 annorum
625 1843 755 1951 spatio
792 1860 1014 1948 occupatus
1056 1843 1180 1926 credo
1231 1841 1428 1949 equidem

348 1951 461 2062 me,
485 1951 712 2066 ptaefisoine
744 1955 937 2067 dixerim,
965 1959 1011 2059 in
1040 1955 1265 2063 specierum
1281 1955 1429 2040 detet·
1496 1989 1500 1996 ·

373 2071 608 2162 minatione
650 2072 866 2180 aliquanto
910 2073 1003 2180 plus
1047 2069 1254 2173 effecisse,
1299 2091 1428 2177 quam

346 2186 489 2292 ¹quod
515 2187 726 2294 bucusque
755 2187 802 2270 in
830 2184 1067 2272 Licbcnum
1095 2184 1338 2288 cognitione
1367 2182 1428 2265 fa·

323 2297 326 2302 ’
374 2297 488 2382 dum
523 2296 603 2384 effe
631 2299 749 2386 novi.
805 2304 950 2405 Neque
986 2314 1128 2383 tamen
1166 2297 1435 2381 reticendum

352 2413 456 2520 est,
484 2413 588 2496 boc
578 2437 623 2497 tn
645 2413 821 2518 negotio
837 2413 1056 2498 auxiliares
1081 2411 1189 2494 mihi
1209 2411 1429 2514 benignas·

375 2549 457 2632 que
486 2549 634 2618 manus
663 2525 897 2646 porrexisse
921 2527 1080 2632 aliquot
1108 2526 1262 2612 amicos
1283 2528 1326 2610 dc
1354 2547 1429 2629 po-

375 2643 581 2756 pulares
583 2665 701 2726 meos
754 2635 1007 2725 astumattss
1009 2663 1115 2723 mos
1189 2644 1275 2724 Hos
1319 2639 1434 2725 inter

376 2772 523 2883 grata,
556 2741 602 2840 ut
637 2758 784 2864 decet,
819 2769 963 2840 mente
1000 2754 1257 2860 honorisque
1292 2749 1430 2835 caussa

376 2869 555 2952 nomino
586 2868 894 2954 Celeberrimos
924 2866 1047 2954 Viros
1076 2861 1356 2963 SWA'RTZ
1385 2866 1430 2950 &

307 2975 309 2990 '
376 2983 718 3092 WESTRNG,
761 3005 942 3090 quorum
992 2982 1084 3092 llle,
1128 2981 1312 3089 ingenti,
1347 3001 1432 3085 qua

377 3085 531 3206 pollet,
560 3095 710 3184 harum
735 3119 875 3182 rerum
910 3097 1080 3207 peritia,
1111 3095 1275 3184 labores
1312 3115 1432 3176 meos

366 3209 587 3320 ¹sublevat
579 3227 612 3292 ιι
637 3227 763 3318 atque
796 3209 1036 3320 opusculum
1059 3209 1137 3294 suts
1153 3206 1323 3293 detediis
1341 3209 1432 3312 plu·

377 3323 531 3406 ribus
522 3349 564 3406 ιιι
596 3323 699 3408 lotis
728 3325 908 3412 ditatum
935 3323 1291 3430 conscriptumque
1306 3322 1433 3415 bene

377 3431 475 3521 vole
505 3437 795 3541 perlustravit3
833 3441 915 3524 Hic
951 3463 1055 3539 vcro
1094 3437 1138 3520 in
1169 3436 1311 3527 multis
1338 3459 1362 3519 a
1392 3433 1434 3518 se

378 3551 560 3634 inventis
589 3553 632 3636 dt
662 3551 876 3654 ingeniosa
904 3551 1085 3636 sollertia
1103 3554 1310 3660 analytice
1337 3571 1433 3632 exa·

377 3667 548 3748 minatis
582 3665 791 3776 speciebus
829 3665 1112 3750 differentiam
1156 3665 1433 3770 plurimarum

378 3781 684 3867 evidentiorem
714 3779 913 3888 reddidit,
942 3782 986 3864 ἃ
1016 3779 1157 3862 hinc
1148 3805 1192 3862 ιιι
1218 3774 1434 3862 ιιιιιιιιι·
1553 3816 1554 3847 ÷

251 3965 260 3988 ,
377 3870 490 3992 tibus
536 3896 687 3978 hatum
732 3891 961 3998 specierum
990 3892 1317 3978 determinandis
1348 3892 1435 3994 pla·

272 4100 278 4112 „
376 4008 543 4094 niorem
589 4005 894 4114 certioremque
927 4007 1033 4092 mihi
1074 4009 1263 4113 apperuit
1302 4005 1434 4087 viam.

378 4109 524 4204 iarios
554 4122 698 4208 etiam
718 4145 857 4204 novos
893 4123 937 4206 dc
970 4119 1196 4207 illustratos
1226 4120 1433 4206 Licbenes

311 4338 314 4346 y
377 4233 627 4400 lagaoiestmi
672 4235 949 4323 observatoris
993 4235 1247 4348 LJUNGH
1297 4231 1432 4315 debeo

1312 4345 1435 4433 indu-
1541 4398 1548 4428 ·.
