3400 5467
601 765 603 772 ψ
696 653 940 742 mauu--a

390 835 631 924 ¹Li'chenum
662 852 821 950 partes,
845 835 1164 926 fructificationi
1183 841 1351 930 eomm³

282 929 383 1042 detn
413 953 580 1060 dicatae,
609 949 678 1052 seu
713 975 827 1063 quaa,
870 955 1066 1039 institutis
1096 983 1184 1042 non
1220 961 1354 1044 nullia

284 1067 669 1196 observationibus,
707 1071 807 1159 tales
857 1067 1000 1154 [altem
1039 1063 1349 1186 dijudicentur,
1440 1172 1446 1181 q

284 1181 500 1282 communi
571 1182 745 1266 nomine
806 1177 1065 1290 Receptacula
1126 1188 1350 1292 appellavi.

284 1303 445 1382 Verum
474 1295 693 1382 enimvero
723 1296 925 1405 quoniam
951 1297 1060 1408 hac,
1077 1291 1200 1385 fitum
1224 1318 1353 1407 atquo

285 1409 467 1516 figuram
497 1404 526 1494 fi
553 1407 724 1518 species,
753 1411 1009 1537 permultum
1039 1438 1062 1497 8
1094 1412 1352 1500 seinvicem

287 1525 511 1634 differunt,
542 1547 638 1609 ere
669 1523 846 1610 omuino
875 1523 932 1611 cst
963 1527 1185 1612 Terminos
1210 1532 1352 1633 expia
1445 1537 1447 1541 ’

268 1665 408 1750 «nare,
445 1586 634 1743 qo’ibos
625 1659 711 1724 naec
749 1636 1020 1744 discrepantia
1048 1643 1197 1726 clarius
1236 1659 1350 1748 pate

287 1756 371 1862 bit,
401 1774 663 1858 quorumque
676 1737 883 1837 usumin
913 1754 992 1835 hoc
1020 1757 1178 1851 libello
1208 1779 1351 1844 neces·

287 1869 443 1960 sarium
470 1866 643 1978 puitavi.
686 1865 828 1953 Verbi
834 1867 1016 2005 gratia

313 2103 345 2184 “,
400 2094 654 2202 Scutellae,
688 2084 1017 2194 frequentisfime
1053 2105 1141 2178 tam
1178 2091 1222 2174 in
1259 2114 1364 2177 crue·

287 2207 451 2313 staceis,
483 2228 608 2309 quam
639 2207 682 2286 in
712 2203 897 2289 soliaceis
929 2222 1060 2310 atque
1091 2205 1350 2292 caulescenti·

289 2323 365 2410 bus
394 2320 624 2407 Lichenutn
655 2316 865 2421 speciebus
895 2320 1053 2409 obvia
1107 2329 1155 2408 ln
1186 2316 1269 2424 ipsa
1285 2320 1350 2402 in·

287 2436 419 2522 santia
457 2428 567 2542 quasi
613 2430 888 2541 absconditae,
932 2434 1029 2520 dein
1066 2459 1123 2520 m
1113 2428 1353 2518 nutisfimae

287 2554 331 2652 8(
375 2549 461 2632 sere
499 2545 751 2678 subglobosae
793 2547 1053 2658 excrescunt,
1078 2542 1351 2654 impressione

147 2709 148 2728 1
252 2676 442 2750 ,notata
471 2658 632 2768 punitis
629 2663 736 2747 ormi
765 2643 970 2773 centrali,
1001 2611 1145 2750 senfin
1176 2663 1351 2745 dilatan·
1414 2689 1417 2693 ·

287 2779 390 2862 (18
383 2803 426 2862 in
472 2775 633 2888 Discum
674 2779 935 2887 coloratum,
995 2781 1064 2864 vel
1112 2777 1352 2861 constantec
1440 2793 1443 2796 ’

288 2913 526 2976 concavum
556 2889 598 2976 8c
623 2840 954 2998 manusculum,
979 2893 1048 2977 vel
1074 2913 1148 2996 per
1184 2907 1352 2974 aetatem

288 3026 526 3090 convexum
557 3003 600 3090 &
638 2952 1018 3107 hemisphaericu’m3
1052 3004 1261 3114 Margine,
1292 3000 1353 3085 (11

288 3116 431 3206 verso
439 3117 567 3202 modo
597 3115 882 3222 formato&
937 3115 1090 3222 crusta,
1136 3069 1261 3198 10110
1280 3113 1351 3201 vel

288 3227 435 3340 caule,
466 3232 712 3334 concolore‚
743 3209 912 3331 turgido
953 3232 1021 3315 vcl
1066 3228 1179 3311 tenui
1214 3218 1352 3314 subiu-

281 3341 423 3452 flexo,
452 3340 654 3443 cincium3
678 3346 761 3433 Vel
792 3366 864 3451 per
892 3358 1025 3431 totam
1042 3338 1157 3430 basin
1177 3338 1265 3426 sess
1253 3346 1354 3452 lea,

290 3462 361 3544 vel
392 3458 522 3545 atiatn
551 3457 744 3547 centros
723 3456 881 3542 subtus
896 3455 1047 3569 affixae,
1086 3456 1351 3562 marginibus

241 3663 244 3668 ,
286 3573 470 3668 omnino
500 3571 669 3659 liberis
699 3564 983 3660 observantur
1056 3571 1257 3675 Exceptio
1292 3568 1353 3654 est

282 3686 337 3770 in
382 3685 711 3773 Urceolariis
746 3686 817 3776 ubi
862 3687 914 3768 ab
959 3683 1136 3768 infantia
1175 3687 1220 3768 &
1249 3681 1353 3765 seni·

284 3821 367 3906 pet
387 3820 610 3907 concava,
655 3800 780 3905 inque
818 3800 902 3906 ipsa
878 3796 1169 3889 asubstantia
1205 3796 1354 3945 crusiae

290 3911 539 4000 immersa
530 3915 869 4004 inveniuntun
1172 3943 1178 3955 ·
1339 3968 1341 3973 -

408 4132 580 4246 Peste,
640 4133 826 4241 speciem
870 4134 1040 4241 quidem
1090 4133 1353 4240 scutellarum
1501 4171 1505 4181 ¹

282 4171 609 4362 quodammodo
639 4251 830 4340 eamdem
868 4251 1080 4360 praebent,
1114 4245 1181 4336 sed
1216 4269 1355 4448 neqn:

479 4420 483 4429 ,
1282 4385 1305 4446 e
1396 4385 1401 4392 ·
